@book{AnalysisOnManifoldsMunkres,
    title={Analysis on manifolds},
    author={Munkres, James R},
    year={2018},
    publisher={CRC Press}
}